@ARTICLE{2015ApJ16N,
       author = {{Ness}, M. and {Hogg}, David W. and {Rix}, H. -W. and {Ho}, Anna. Y.~Q. and
         {Zasowski}, G.},
        title = "{The Cannon: A data-driven approach to Stellar Label Determination}",
      journal = {The Astrophysical Journal},
     keywords = {methods: data analysis, methods: statistical, stars: abundances, stars: fundamental parameters, surveys, techniques: spectroscopic, Astrophysics - Solar and Stellar Astrophysics, Astrophysics - Astrophysics of Galaxies, Astrophysics - Instrumentation and Methods for Astrophysics},
         year = 2015,
        month = jul,
       volume = {808},
       number = {1},
          eid = {16},
        pages = {16},
          doi = {10.1088/0004-637X/808/1/16},
archivePrefix = {arXiv},
       eprint = {1501.07604},
 primaryClass = {astro-ph.SR},
       adsurl = {https://ui.adsabs.harvard.edu/abs/2015ApJ...808...16N},
      adsnote = {Provided by the SAO/NASA Astrophysics Data System}
}


